@inproceedings{nicepaper1,
	author = "Sebastian Nanz and Carlo Furia",
	title  = "A Comparative Study of Programming Languages in Rosetta Code",
	year   = "2018",
	booktitle = "Proceedings of the 24th IEEE International Symposium on High-Performance Computer Architecture"
}

@article{nicepaper2,
	author = "Achal Aggarwal and Dr. Sunil Singh and Shubham Jain",
	title = "A Hybrid Approach of Compiler and Interpreter",
	journal = "International Journal of Scientific and Engineering Research",
	year = "2014",
	volume = "5"
}

@techreport{decorator,
	author = "Greg Watson",
	title = "Python Performance Tips: Decorator Caching",
	institution = "New York University",
	year = "2017"
}

@misc{rosetta,
	publisher = "Rosetta Code",
	year = "2018",
	url = "https://rosettacode.org/wiki/Fibonacci_sequence"
}

@unpublished{perf,
	author = "Brendan Gregg",
	year = "2018",
	note = "Perf Examples"
}








@book{lamport94,
    author    = "Leslie Lamport",
    title     = "{\LaTeX: A Document Preparation System}",
    year      = "1994",
    publisher = "Addison-Wesley",
    edition = "2nd",
    address   = "Reading, Massachusetts"
}

@inproceedings{nicepaper1,
  author = "Firstname1 Lastname1 and Firstname2 Lastname2",
  title = "A Very Nice Paper To Cite",
  year = "2014",
  booktitle = "Proceedings of the 47th Annual IEEE/ACM International Symposium on Microarchitecture"
}

@inproceedings{nicepaper2,
  author = "Firstname1 Lastname1 and Firstname2 Lastname2 and Firstname3 Lastname3",
  title = "Another Very Nice Paper to Cite",
  year = "2012",
  booktitle = "Proceedings of the 45th Annual IEEE/ACM International Symposium on Microarchitecture"
}

@inproceedings{nicepaper3,
  author = "Firstname1 Lastname1 and Firstname2 Lastname2 and Firstname3 Lastname3 and Firstname4 Lastname4 and Firstname5 Lastname5",
  title = "Yet Another Very Nice Paper To Cite, With Many Author Names All Spelled Out",
  year = "2011",
  booktitle = "Proceedings of the 38th Annual International Symposium on Computer Architecture"
}
